
@incollection{Cardini2014a,
  title = {Les \'equations de {Maxwell}},
  booktitle = {Physique Tout-En-Un {{PSI}}-{{PSI}}*},
  author = {Cardini, S. and Ehrhard, E. and Guerillot, A. and Guillot, T. and Morvan, B. and Sanz, M.-N.},
  year = {2014},
  pages = {599--620},
  publisher = {{Dunod}},
  isbn = {978-2-10-071373-8},
  series = {J'int\`egre}
}

@incollection{Cardini2014b,
  title = {Ondes \'electromagn\'etiques dans le vide},
  booktitle = {Physique Tout-En-Un {{PSI}}-{{PSI}}*},
  author = {Cardini, S. and Ehrhard, E. and Guerillot, A. and Guillot, T. and Morvan, B. and Sanz, M.-N.},
  year = {2014},
  pages = {981--1032},
  publisher = {{Dunod}},
  isbn = {978-2-10-071373-8},
  series = {J'int\`egre}
}

@incollection{Cardini2014c,
  title = {Ondes \'electromagn\'etiques planes dans les milieux conducteurs},
  booktitle = {Physique Tout-En-Un {{PSI}}-{{PSI}}*},
  author = {Cardini, S. and Ehrhard, E. and Guerillot, A. and Guillot, T. and Morvan, B. and Sanz, M.-N.},
  year = {2014},
  pages = {1067--1100},
  publisher = {{Dunod}},
  isbn = {978-2-10-071373-8},
  series = {J'int\`egre}
}

@incollection{Gie1985a,
  title = {{\'E}quations de {M}axwell},
  booktitle = {\'Electromagn\'etisme},
  author = {Gi{\'e}, Hubert and Sarmant, Jean-Pierre},
  year = {1985},
  volume = {2},
  pages = {3--16},
  publisher = {{Technique et Documentation (Lavoisier)}},
  isbn = {2-85206-741-2},
  series = {Collection de Sciences Physiques}
}

@incollection{Gie1985b,
  title = {Ondes \'electromagn\'etiques dans le vide},
  booktitle = {\'Electromagn\'etisme},
  author = {Gi{\'e}, Hubert and Sarmant, Jean-Pierre},
  year = {1985},
  volume = {2},
  pages = {53--84},
  publisher = {{Technique et Documentation (Lavoisier)}},
  isbn = {2-85206-741-2},
  series = {Collection de Sciences Physiques}
}

@incollection{Renvoize2009,
  title = {{\'Equations de {M}axwell-\'Energie du champ \'electromagn\'etique}},
  booktitle = {Physique {PC}-{PC*}},
  author = {Renvoiz\'e, Vincent and Bellanger, {\'E}ric and Girardi, Rapha\:el and Paulin, S{\'e}bastien and Portelli, Baptise and Saudrais, Eddie},
  year = {2009},
  pages = {615--640},
  publisher = {{Pearson Education}},
  isbn = {978-2-7440-7354-0},
  series = {Cap {{Pr\'epa}}}
}


@incollection{Renvoize2014,
  title = {{Ondes}},
  booktitle = {Physique {PC}-{PC*}},
  author = {Renvoiz\'e, Vincent and Bellanger, {\'E}ric and Archambault, Pascal and Gonnord, 
	    Henri and Marchand, Antonin and Paulin, S{\'e}bastien and Portelli, 
            Poux, Christelle and Ropert, J\'er\^ome Baptise and Saudrais, Eddie},
  year = {2014},
  pages = {219--288},
  publisher = {{Pearson Education}},
  isbn = {978-2-7440-7354-0},
  series = {}
}
