
@incollection{Cardini2014,
  title = {Milieux ferromagnétiques et transformateur},
  booktitle = {Physique Tout-En-Un {{PSI}}-{{PSI}}*},
  author = {Cardini, S. and Ehrhard, E. and Guerillot, A. and Guillot, T. and Morvan, B. and Sanz, M.-N.},
  year = {2014},
  pages = {665--708},
  publisher = {{Dunod}},
  isbn = {978-2-10-071373-8},
  series = {J'int\`egre}
}

@incollection{Gie1985a,
  title = {Étude macroscopique de l'aimantation},
  booktitle = {\'Electromagn\'etisme},
  author = {Gi{\'e}, Hubert and Sarmant, Jean-Pierre},
  year = {1985},
  volume = {2},
  pages = {203--215},
  publisher = {{Technique et Documentation (Lavoisier)}},
  isbn = {2-85206-741-2},
  series = {Collection de Sciences Physiques}
}

@incollection{Gie1985b,
  title = {Paramagnétisme},
  booktitle = {\'Electromagn\'etisme},
  author = {Gi{\'e}, Hubert and Sarmant, Jean-Pierre},
  year = {1985},
  volume = {2},
  pages = {222--224},
  publisher = {{Technique et Documentation (Lavoisier)}},
  isbn = {2-85206-741-2},
  series = {Collection de Sciences Physiques}
}

@incollection{Gie1985c,
  title = {Ferromagnétisme},
  booktitle = {\'Electromagn\'etisme},
  author = {Gi{\'e}, Hubert and Sarmant, Jean-Pierre},
  year = {1985},
  volume = {2},
  pages = {227--236},
  publisher = {{Technique et Documentation (Lavoisier)}},
  isbn = {2-85206-741-2},
  series = {Collection de Sciences Physiques}
}

@incollection{Lowrie2007,
  title = {Geomagnetism and paleomagnetism},
  booktitle = {Fundamentals of {{Geophysics}}},
  author = {Lowrie, William},
  year = {2007},
  edition = {Second},
  pages = {281--362},
  publisher = {{Cambridge University Press}},
  isbn = {978-0-521-67596-3}
}

@incollection{Perez2011,
  title = {Dipôle magnétique},
  booktitle = {Leçons de physique: une approche moderne},
  author = {{P\'erez, J.P. and Lagoute, C. and Pujol, O. and Desmeules, \'E.}},
  year = {2011},
  edition = {1},
  pages = {1097--1116},
  publisher = {de boeck},
  isbn = {978-2-8041-6226-9}
}

@incollection{Bertin1992a,
  title = {Milieux aimantés. Aimantation et champ créé},
  booktitle = {Électromagnétisme 4: Milieux diélectriques et milieux aimantés},
  author = {Bertin, M. and Faroux, J.P. and Renault, J.},
  year = {1992},
  pages = {98--123},
  publisher = {Dunod Université},
}

@incollection{Bertin1992b,
  title = {Aimantation induite. Étude macroscopique},
  booktitle = {Électromagnétisme 4: Milieux diélectriques et milieux aimantés},
  author = {Bertin, M. and Faroux, J.P. and Renault, J.},
  year = {1992},
  pages = {124--145},
  publisher = {Dunod Université},
}

@incollection{Bertin1992c,
  title = {Aimantation induite. Étude macroscopique},
  booktitle = {Électromagnétisme 4: Milieux diélectriques et milieux aimantés},
  author = {Bertin, M. and Faroux, J.P. and Renault, J.},
  year = {1992},
  pages = {172--196},
  publisher = {Dunod Université},
}

@article{Coe2000,
  title={Matuyama--{Brunhes} reversal and {Kamikatsura} event on {Maui}: paleomagnetic directions, 40{Ar}/39{Ar} ages and implications},
  author={Coe, Robert S. and Singer, Brad S. and Pringle, Malcolm S. and Zhao, Xixi},
  journal={Earth and Planetary Science Letters},
  volume={222},
  number={2},
  pages={667--684},
  year={2004},
  publisher={Elsevier}
}

@article{Gallet2009,
  title={On the use of archeology in geomagnetism, and vice-versa: recent developments in archeomagnetism},
  author={Gallet, Yves and Genevey, Agn{\`e}s and Le Goff, Maxime and Warme, Nicolas and Gran-Aymerich, Jean and Lefevre, Annie},
  journal={Comptes Rendus Physique},
  volume={10},
  number={7},
  pages={630--648},
  year={2009},
  publisher={Elsevier}
}


