
@incollection{Cardini2014,
  title = {Courant-{{Conducteur}} \'Electrique},
  booktitle = {Physique Tout-En-Un {{PSI}}-{{PSI}}*},
  author = {Cardini, S. and Ehrhard, E. and Guerillot, A. and Guillot, T. and Morvan, B. and Sanz, M.-N.},
  year = {2014},
  pages = {525--561},
  publisher = {{Dunod}},
  isbn = {978-2-10-071373-8},
  series = {J'int\`egre}
}

@incollection{Lowrie2007,
  title = {Earth's Age, Thermal and Electrical Properties},
  booktitle = {Fundamentals of {{Geophysics}}},
  author = {Lowrie, William},
  year = {2007},
  edition = {Second},
  pages = {207--281},
  publisher = {{Cambridge University Press}},
  isbn = {978-0-521-67596-3}
}

@incollection{Perez2009,
  title = {Le Courant \'Electrique},
  booktitle = {Physique {{MPSI}}-{{PCSI}}-{{PTSI}}},
  author = {Perez, J{\'e}r{\^o}me and Bellanger, {\'E}ric and Ducros, Xavier and Renvoiz{\'e}, Vincent and Roux, Paul},
  year = {2009},
  pages = {469--485},
  publisher = {{Pearson Education}},
  isbn = {978-2-7440-7354-0},
  series = {Cap {{Pr\'epa}}}
}


