
@incollection{Cardini2014,
  title = {{\'Electromagn\'etisme En R\'egime Statique : Le Champ magnétique}},
  booktitle = {Physique Tout-En-Un {{PSI}}-{{PSI}}*},
  author = {Cardini, S. and Ehrhard, E. and Guerillot, A. and Guillot, T. and Morvan, B. and Sanz, M.-N.},
  year = {2014},
  pages = {561--598},
  publisher = {{Dunod}},
  isbn = {978-2-10-071373-8},
  series = {J'int\`egre}
}

@incollection{Gie1985,
  title = {Postulats de la magnétostatique},
  booktitle = {{\'Electromagn\'etisme}},
  author = {Gi{\'e}, Hubert and Sarmant, Jean-Pierre},
  year = {1985},
  volume = {1},
  pages = {92--100},
  publisher = {{Technique et Documentation (Lavoisier)}},
  isbn = {2-85206-741-2},
  series = {Collection de Sciences Physiques}
}

@incollection{Perez2002,
  title = {Champ électromagnétique. Propriétés},
  booktitle = {{\'Electromagn\'etisme: {{Fondements}} et Applications}},
  author = {P{\'e}rez, Jos{\'e}-Philippe and Carles, Robert and Fleckinger, Robert},
  year = {2002},
  edition = {Fourth},
  pages = {185--208},
  publisher = {{Dunod}},
  isbn = {2 -10 -005574 -7},
  series = {Masson {{Sciences}}}
}

@incollection{Perez2009,
  title = {Magnétostatique},
  booktitle = {Physique {{MPSI}}-{{PCSI}}-{{PTSI}}},
  author = {Perez, J{\'e}r{\^o}me and Bellanger, {\'E}ric and Ducros, Xavier and Renvoiz{\'e}, Vincent and Roux, Paul},
  year = {2009},
  pages = {515--538},
  publisher = {{Pearson Education}},
  isbn = {978-2-7440-7354-0},
  series = {Cap {{Pr\'epa}}}
}


