
@incollection{Cardini2014,
  title = {{\'Electromagn\'etisme en r\'egime statique~:~le champ \'electrique}},
  booktitle = {Physique Tout-En-Un {{PSI}}-{{PSI}}*},
  author = {Cardini, S. and Ehrhard, E. and Guerillot, A. and Guillot, T. and Morvan, B. and Sanz, M.-N.},
  year = {2014},
  pages = {465--502},
  publisher = {{Dunod}},
  isbn = {978-2-10-071373-8},
  series = {J'int\`egre}
}

@incollection{Gie1985,
  title = {Forme Locale Des Lois de l'\'electrostatique},
  booktitle = {\'Electromagn\'etisme},
  author = {Gi{\'e}, Hubert and Sarmant, Jean-Pierre},
  year = {1985},
  volume = {1},
  pages = {41--46},
  publisher = {{Technique et Documentation (Lavoisier)}},
  isbn = {2-85206-741-2},
  series = {Collection de Sciences Physiques}
}

@incollection{Perez2002,
  title = {Loi de {{Coulomb}}. {{Champ}} \'Electrostatique. {{Th\'eor\`eme}} de {{Gauss}}},
  booktitle = {\'Electromagn\'etisme: {{Fondements}} et Applications},
  author = {P{\'e}rez, Jos{\'e}-Philippe and Carles, Robert and Fleckinger, Robert},
  year = {2002},
  edition = {Fourth},
  pages = {13--25},
  publisher = {{Dunod}},
  isbn = {2 -10 -005574 -7},
  series = {Masson {{Sciences}}}
}

@incollection{Perez2009,
  title = {{\'Electrostatique}},
  booktitle = {Physique {{MPSI}}-{{PCSI}}-{{PTSI}}},
  author = {Perez, J{\'e}r{\^o}me and Bellanger, {\'E}ric and Ducros, Xavier and Renvoiz{\'e}, Vincent and Roux, Paul},
  year = {2009},
  pages = {416--448},
  publisher = {{Pearson Education}},
  isbn = {978-2-7440-7354-0},
  series = {Cap {{Pr\'epa}}}
}


